<?xml version="1.0" encoding="UTF-8"?><record xmlns="http://www.loc.gov/MARC21/slim" xmlns:cinclude="http://apache.org/cocoon/include/1.0" xmlns:zs="http://www.loc.gov/zing/srw/">
  <leader>01435cz  a2200349n  4500</leader>
  <controlfield tag="001">nr 90005811 </controlfield>
  <controlfield tag="003">DLC</controlfield>
  <controlfield tag="005">20130314095802.0</controlfield>
  <controlfield tag="008">900411n| azannaabn          |b aaa     c</controlfield>
  <datafield tag="010" ind1=" " ind2=" ">
    <subfield code="a">nr 90005811 </subfield>
  </datafield>
  <datafield tag="035" ind1=" " ind2=" ">
    <subfield code="a">(OCoLC)oca02722726</subfield>
  </datafield>
  <datafield tag="040" ind1=" " ind2=" ">
    <subfield code="a">NjP</subfield>
    <subfield code="b">eng</subfield>
    <subfield code="e">rda</subfield>
    <subfield code="c">NjP</subfield>
    <subfield code="d">DLC</subfield>
    <subfield code="d">OCoLC</subfield>
    <subfield code="d">DLC</subfield>
    <subfield code="d">OCoLC</subfield>
    <subfield code="d">DLC</subfield>
  </datafield>
  <datafield tag="046" ind1=" " ind2=" ">
    <subfield code="f">1897</subfield>
  </datafield>
  <datafield tag="053" ind1=" " ind2="0">
    <subfield code="a">PJ5129.S767</subfield>
  </datafield>
  <datafield tag="100" ind1="1" ind2=" ">
    <subfield code="a">Stencl, Abraham Nahum,</subfield>
    <subfield code="d">1897-</subfield>
  </datafield>
  <datafield tag="400" ind1="1" ind2=" ">
    <subfield code="a">Shtentsl, A. N.,</subfield>
    <subfield code="d">1897-</subfield>
  </datafield>
  <datafield tag="400" ind1="1" ind2=" ">
    <subfield code="w">nnea</subfield>
    <subfield code="a">Stencl, Abraham Nahum,</subfield>
    <subfield code="d">b. 1897</subfield>
  </datafield>
  <datafield tag="400" ind1="1" ind2=" ">
    <subfield code="a">Stencl, Avrom-Nokhem,</subfield>
    <subfield code="d">1897-</subfield>
  </datafield>
  <datafield tag="400" ind1="1" ind2=" ">
    <subfield code="a">Stenzel, A. N.</subfield>
    <subfield code="q">(Abraham Nahum),</subfield>
    <subfield code="d">1897-</subfield>
  </datafield>
  <datafield tag="400" ind1="1" ind2=" ">
    <subfield code="a">Stenzel, Abraham Nahum,</subfield>
    <subfield code="d">1897-</subfield>
  </datafield>
  <datafield tag="400" ind1="1" ind2=" ">
    <subfield code="a">שטענצעל, א. נ.</subfield>
  </datafield>
  <datafield tag="400" ind1="1" ind2=" ">
    <subfield code="a">שטענצעל, א. נ.</subfield>
    <subfield code="d">1897-</subfield>
  </datafield>
  <datafield tag="400" ind1="1" ind2=" ">
    <subfield code="a">שטענצעל, נ. א.</subfield>
  </datafield>
  <datafield tag="400" ind1="1" ind2=" ">
    <subfield code="a">שטענצל, א. נ.</subfield>
  </datafield>
  <datafield tag="400" ind1="1" ind2=" ">
    <subfield code="a">שטענצל, א. נ.,</subfield>
    <subfield code="d">נ׳ 1897</subfield>
  </datafield>
  <datafield tag="667" ind1=" " ind2=" ">
    <subfield code="a">Machine-derived non-Latin script reference project.</subfield>
  </datafield>
  <datafield tag="667" ind1=" " ind2=" ">
    <subfield code="a">Non-Latin script references not evaluated.</subfield>
  </datafield>
  <datafield tag="670" ind1=" " ind2=" ">
    <subfield code="a">Prawer, S.S. A.N. Stencl, poet of Whitechapel, 1984:</subfield>
    <subfield code="b">t.p. (in series title: Avrom-Nokhem Stencl) p. 21 (lecture delivered in his memory)</subfield>
  </datafield>
  <datafield tag="670" ind1=" " ind2=" ">
    <subfield code="a">Enc. Jud., 1972</subfield>
    <subfield code="b">(Stencl, Abraham Nahum, 1897-; Yiddish poet and editor)</subfield>
  </datafield>
  <datafield tag="670" ind1=" " ind2=" ">
    <subfield code="a">NUC pre-56</subfield>
    <subfield code="b">(hdg.: Stenzel, Abraham Nahum, 1897- )</subfield>
  </datafield>
  <datafield tag="670" ind1=" " ind2=" ">
    <subfield code="a">OCLC data base, 1/4/93</subfield>
    <subfield code="b">(hdg.: Stencl, Abraham Nahum, b. 1897; usage: A.N. Shtentsl; A.N. Stenzel)</subfield>
  </datafield>
  <datafield tag="675" ind1=" " ind2=" ">
    <subfield code="a">WWW;</subfield>
    <subfield code="a">Contemp. auth.;</subfield>
    <subfield code="a">World authors.</subfield>
  </datafield>
</record>